@BOOK{DowneyBOS,
      AUTHOR = "Alan B. Downey",
      TITLE = "The Little Book of Semaphores 2.2.1",
      PUBLISHER = "Green Tea Press",
      YEAR = "2005",}
