@MISC{SuperPat,
    AUTHOR = "Patterson, Pat",
    TITLE = "A Simple Block Driver For Linux Kernel 2.6.31",
    NOTE= "Online; accessed 7 Nov, 2017",
    HOWPUBLISHED = {\url{http://blog.superpat.com/2010/05/04/a-simple-block-driver-for-linux-kernel-2-6-31/}},}
    
@MISC{SOCryptoLinuxExample,
    AUTHOR = "ctuffli",
    TITLE = "Selected response to: how to use CryptoAPI in the linux kernel 2.6",
    NOTE= "Online; accessed 7 Nov, 2017",
    HOWPUBLISHED = {\url{https://stackoverflow.com/questions/3869028/how-to-use-cryptoapi-in-the-linux-kernel-2-6}},}
    
    
@MISC{SOCryptoCodeExample,
    AUTHOR = "wengsht",
    TITLE = "Selected response to: Crypto api in linux kernel for AES error",
    NOTE= "Online; accessed 7 Nov, 2017",
    HOWPUBLISHED = {\url{https://stackoverflow.com/questions/9218491/crypto-api-in-linux-kernel-for-aes-error}},}
    
@MISC{HW3Gist,
    AUTHOR = "Kronquist, Ian",
    TITLE = "Instructions for OSU CS444 assignment 3",
    NOTE= "Online; accessed 8 Nov, 2017",
    HOWPUBLISHED = {\url{https://gist.github.com/iankronquist/c3f3ef5dcec8d812a359ce6a723c2f05}},}
    
    
    